<?xml version="1.0" encoding="UTF-8"?><record xmlns="http://www.loc.gov/MARC21/slim" xmlns:cinclude="http://apache.org/cocoon/include/1.0" xmlns:zs="http://www.loc.gov/zing/srw/">
  <leader>00477nz  a2200133n  4500</leader>
  <controlfield tag="001">no2009187928</controlfield>
  <controlfield tag="003">DLC</controlfield>
  <controlfield tag="005">20091122075345.0</controlfield>
  <controlfield tag="008">091120n| acannaabn          |n aaa     c</controlfield>
  <datafield tag="010" ind1=" " ind2=" ">
    <subfield code="a">no2009187928</subfield>
  </datafield>
  <datafield tag="035" ind1=" " ind2=" ">
    <subfield code="a">(OCoLC)oca08314101</subfield>
  </datafield>
  <datafield tag="040" ind1=" " ind2=" ">
    <subfield code="a">MoU</subfield>
    <subfield code="b">eng</subfield>
    <subfield code="c">MoU</subfield>
  </datafield>
  <datafield tag="100" ind1="1" ind2=" ">
    <subfield code="a">Borin, Dmitry</subfield>
  </datafield>
  <datafield tag="670" ind1=" " ind2=" ">
    <subfield code="a">11th Conference on Electrorheological Fluids and Magnetorheological Suspensions, 2009, viewed on Oct. 15, 2009:</subfield>
    <subfield code="b">preface (Dmitry Borin, Technische UniversitaĚt Dresden, Germany, Editors)</subfield>
  </datafield>
</record>